<?xml version="1.0" encoding="UTF-8"?><collection xmlns="http://www.loc.gov/MARC21/slim"><record><leader>00332nam--2200121-i-4500</leader><controlfield tag="001">000047766</controlfield><controlfield tag="002">20161230</controlfield><controlfield tag="005">20161230201046</controlfield><controlfield tag="008">060222s1000------------r-----000-0-eng-d</controlfield><datafield ind1=" " ind2=" " tag="080"><subfield code="a">001.8</subfield></datafield><datafield ind1=" " ind2=" " tag="245"><subfield code="a">The year book of the international council of scientific unions, 1956</subfield></datafield><datafield ind1=" " ind2=" " tag="260"><subfield code="a">London, The Royal Society, 1956, 83p</subfield></datafield><datafield ind1=" " ind2=" " tag="852"><subfield code="a">12873</subfield></datafield></record></collection>